@misc{LilyPond2008,
	Author = {LilyPond},
	Howpublished = {\url{http://lilypond.org/web/}},
	Note = {Accessed \today},
	Title = {Lily{P}ond, music notation for everyone},
	Year = {2008}}

@article{Wiggins1993,
	Author = {Geraint Wiggins and Eduardo Miranda and Alan Smaill and Mitch Harris},
	Journal = {Computer Music Journal},
	Month = {Fall},
	Number = {3},
	Pages = {31--42},
	Title = {A Framework for the Evaluation of Music Representation Systems},
	Volume = {17},
	Year = {1993}}

@phdthesis{Byrd1984,
	Address = {Bloomington, Indiana},
	Author = {Donald Byrd},
	School = {Indiana University},
	Title = {Music Notation by Computer},
	Year = {1984}}

@incollection{Tarot1986,
	Author = {Tarot},
	Booktitle = {The Spell of Iron},
	Month = {December},
	Note = {The song can be listened at the bands homepage \url{http://www.wingsofdarkness.net}},
	Publisher = {Flamingo Music},
	Title = {Wings of Darkness},
	Year = {1986}}

@inproceedings{Hiraga2004,
	Address = {Taipei, Taiwan},
	Author = {R. Hiraga and N. Matsuda},
	Booktitle = {Proceedings of the IEEE International Conference on Multimedia and Expo},
	Month = {June},
	Pages = {2035--2038},
	Title = {Graphical Expression of the Mood of Music},
	Volume = {3},
	Year = {2004}}
